% How to cite webpage: https://tex.stackexchange.com/questions/3587/how-can-i-use-bibtex-to-cite-a-web-page
@misc{2022sensorreading,
  title = {Microclimate Sensor Readings},
  author = {{City of Melbourne}},
  howpublished = {\url{https://data.melbourne.vic.gov.au/Environment/Microclimate-Sensor-Readings/u4vh-84j8}},
  note = {Accessed: 2022-08-01}
}
@misc{2022sensorlocation,
  title = {Microclimate Sensor Locations},
  author = {{City of Melbourne}},
  howpublished = {\url{https://data.melbourne.vic.gov.au/Environment/Microclimate-Sensor-Locations/irqv-hjr4}},
  note = {Accessed: 2022-08-01}
}
% You should lookup the entries defined in bibtex to properly format your .bib file